<?xml version="1.0" encoding="UTF-8"?><collection xmlns="http://www.loc.gov/MARC21/slim"><record><leader>00596nam--2200169-i-4500</leader><controlfield tag="001">000027246</controlfield><controlfield tag="002">20161230</controlfield><controlfield tag="005">20161230201036</controlfield><controlfield tag="008">060222s1000------------r-----000-0-ger-d</controlfield><datafield ind1=" " ind2=" " tag="040"><subfield code="a">IFIN-HH</subfield></datafield><datafield ind1=" " ind2=" " tag="041"><subfield code="a">ger</subfield></datafield><datafield ind1="1" ind2=" " tag="110"><subfield code="a">Abhandlungen der Deutschen Akademie der Wissenschaften zu Berlin</subfield></datafield><datafield ind1="1" ind2="0" tag="245"><subfield code="a">Iii.konferenz uber nichtlineare schwingungen. berlin vom 25 bis 30 mai 1964:</subfield><subfield code="b">Teil 1:quantitative und qualitative verfahren in der theorie der nichtlinearen schwingungen</subfield></datafield><datafield ind1=" " ind2=" " tag="260"><subfield code="a">Berlin, Akademie-verlag, 1965</subfield></datafield><datafield ind1=" " ind2=" " tag="300"><subfield code="a">X + 382P</subfield></datafield><datafield ind1=" " ind2=" " tag="852"><subfield code="a">22617</subfield><subfield code="c">531</subfield></datafield><datafield ind1=" " ind2=" " tag="CAT"><subfield code="a">Sys</subfield><subfield code="c">20100623</subfield><subfield code="h">084733</subfield></datafield></record></collection>